@incollection{NIPS2013_5021, 
	title = {Distributed Representations of Words and Phrases and their Compositionality}, 
	author = {Mikolov, Tomas and Sutskever, Ilya and Chen, Kai and Corrado, Greg S and Dean, Jeff}, 
	booktitle = {Advances in Neural Information Processing Systems 26}, 
	editor = {C.J.C. Burges and L. Bottou and M. Welling and Z. Ghahramani and K.Q. Weinberger}, 
	pages = {3111--3119}, year = {2013}, 
	publisher = {Curran Associates, Inc.}, 
	url = {http://papers.nips.cc/paper/5021-distributed-representations-of-words-and-phrases-and-their-compositionality.pdf} 
}

@inproceedings{sutskever2014seq,
  author = {Sutskever et al.},
  title = {Sequence to sequence learning with neural networks}, 
  booktitle = {Advances in Neural Information Processing Systems}, 
  pages = {3104-3112},
  year = {2014}
}

@inproceedings{bahdanau2015nmt,
  author = {Bahdanau, D. and Cho, K. and Bengio, Y.}, 
  title = {Neural machine translation by jointly learning to align and translate}, 
  booktitle = {International Conference on Learning Representations}, 
  year = {2015}
}

@inproceedings{mikolov10lm,
  author = {Mikolov, Tomas and Karafiat, Martin and Burget, Lukas and Cernocky, Jan and Khudanpur, Sanjeev},
  booktitle = {INTERSPEECH},
  pages = {1045-1048},
  title = {Recurrent neural network based language model.},
  year = 2010
}




@article{mnih2015humanlevel,
  added-at = {2015-08-26T14:46:40.000+0200},
  author = {Mnih et al.},
  biburl = {https://www.bibsonomy.org/bibtex/2fb15f4471c81dc2b9edf2304cb2f7083/hotho},
  description = {Human-level control through deep reinforcement learning - nature14236.pdf},
  interhash = {eac59980357d99db87b341b61ef6645f},
  intrahash = {fb15f4471c81dc2b9edf2304cb2f7083},
  issn = {00280836},
  journal = {Nature},
  keywords = {deep learning toread},
  month = feb,
  number = 7540,
  pages = {529--533},
  publisher = {Nature Publishing Group, a division of Macmillan Publishers Limited. All Rights Reserved.},
  timestamp = {2015-08-26T14:46:40.000+0200},
  title = {Human-level control through deep reinforcement learning},
  url = {http://dx.doi.org/10.1038/nature14236},
  volume = 518,
  year = 2015
}

@article{wu2016google,
  author = {Wu et al.},
  title = {Google's Neural Machine Translation System: Bridging the Gap between Human and Machine Translation},
  Journal = {arXiv:1609.08144},
  year = {2016}
}

@article{silver2017go,
  author = {Silver et al.},
  journal = {Nature},
  month = oct,
  pages = {354--359},
  title = {Mastering the game of {Go} without human knowledge},
  volume = 550,
  year = 2017
}


@book{david2017policy,
  author = {David L. Poole and Alan K. Mackworth},
  title = {Artificial Intelligence: Foundations of Computational Agents,  2nd Edition},
  publisher = {Cambridge University Press},
  year = 2017,
  url = {http://artint.info/2e/html/ArtInt2e.html},
  urldate = {2017-10-21},
}

@Misc{allison2017pacman,
author = {Allison Linn},
howpublished = {https://blogs.microsoft.com/ai/2017/06/14/divide-conquer-microsoft-researchers-used-ai-master-ms-pac-man}
}


@article{vinyals2015neural,
  title={A neural conversational model},
  author={Vinyals, Oriol and Le, Quoc},
  journal={arXiv preprint arXiv:1506.05869},
  year={2015}
}

@inproceedings{rush2015neural,
  title={A neural attention model for abstractive sentence summarization},
  author={Rush, Alexander M and Chopra, Sumit and Weston, Jason},
  booktitle={Proceedings of EMNLP},
  year={2015}
}

@InProceedings{pmlr-v48-kumar16,
  title = 	 {Ask Me Anything: Dynamic Memory Networks for Natural Language Processing},
  author = 	 {Kumar et al.},
  booktitle = 	 {Proceedings of ICML},
  pages = 	 {1378--1387},
  year = 	 {2016},
  volume = 	 {48},
  month = 	 {20--22 Jun},
}

@article{hochreiter1997long,
  title={Long short-term memory},
  author={Hochreiter, Sepp and Schmidhuber, J{\"u}rgen},
  journal={Neural computation},
  volume={9},
  number={8},
  pages={1735--1780},
  year={1997},
  publisher={MIT Press}
}

@article{chung2014empirical,
  title={Empirical evaluation of gated recurrent neural networks on sequence modeling},
  author={Chung, Junyoung and Gulcehre, Caglar and Cho, KyungHyun and Bengio, Yoshua},
  journal={arXiv preprint arXiv:1412.3555},
  year={2014}
}

@article{fukushima79,
  title={�ʒu�����ɉe�������Ȃ��p�^�[���F���@�\�̐_�o���H���f���\�l�I�R�O�j�g�����\},
  author={�����M�F},
  journal={�d�q�����ʐM�w���_���� A},
  volume={J62-A},
  number={10},
  pages={658--665},
  year={1979},
}

@article{fukushima80,
  title={A self-organizing neural network model for a mechanism of pattern recognition unaffected by shift in position},
  author={K. Fukushima},
  journal={Biological Cybernetics},
  volume={36},
  number={4},
  pages={93--202},
  year={1980},
}

@article{fukushima83,
  title={Neocognitron: a neural network model for a mechanism of visual pattern recognition},
  author={K. Fukushima and S. Miyake and T. Ito},
  journal={IEEE Transactions on Systems, Man, and Cybernetics},
  volume={13},
  number={3},
  pages={826--834},
  year={1983},
}


